<record xmlns="http://www.loc.gov/MARC21/slim" xmlns:xsi="http://www.w3.org/2001/XMLSchema-instance" xsi:schemaLocation="http://www.loc.gov/MARC21/slim http://www.loc.gov/standards/marcxml/schema/MARC21slim.xsd"><leader>     nam a22        4500</leader><controlfield tag="001">3071360</controlfield><controlfield tag="003">NNC</controlfield><controlfield tag="006">m        d        </controlfield><controlfield tag="007">cr cn |||m|||a</controlfield><controlfield tag="008">150313s1958    iq      ob    000 0 ara d</controlfield><datafield ind1=" " ind2=" " tag="040"><subfield code="a">NNU</subfield><subfield code="b">eng</subfield><subfield code="c">NNU</subfield></datafield><datafield ind1="1" ind2=" " tag="100"><subfield code="a">Baali, Fuad.</subfield></datafield><datafield ind1="1" ind2="0" tag="245"><subfield code="a">Falsafat Ikhwa&#772;n-al-S&#803;afa&#772;&#700; al-ijtima&#772;&#699;i&#772;yah wa-al-akhla&#772;qi&#772;yah</subfield><subfield code="h">[electronic resource] /</subfield><subfield code="c">[tali&#772;f] Fu&#700;a&#772;d al-Ba&#699;li&#772;.</subfield></datafield><datafield ind1=" " ind2=" " tag="260"><subfield code="a">Baghda&#772;d,</subfield><subfield code="b">Mat&#803;ba&#699;at al-Ma&#699;a&#772;rif,</subfield><subfield code="c">1958.</subfield></datafield><datafield ind1=" " ind2=" " tag="300"><subfield code="a">online resource (171 p.)</subfield></datafield><datafield ind1=" " ind2=" " tag="500"><subfield code="a">Added t.-p. in English: Social and ethical philosophy of Ikhwan al-Safa, by Fuad Baali. Baghdad, al-Ma&#699;a&#772;rif Press, 1958.</subfield></datafield><datafield ind1=" " ind2=" " tag="500"><subfield code="a">Part of the Arabic Collections Online (ACO) project, contributed by Columbia University Libraries.</subfield></datafield><datafield ind1=" " ind2=" " tag="504"><subfield code="a">Bibliographical footnotes.</subfield></datafield><datafield ind1=" " ind2=" " tag="533"><subfield code="a">Electronic reproduction.</subfield><subfield code="b">New York, N.Y. :</subfield><subfield code="c">New York University,</subfield><subfield code="d">2015.</subfield><subfield code="5">NNU</subfield></datafield><datafield ind1="2" ind2=" " tag="710"><subfield code="a">Columbia University.</subfield><subfield code="b">Libraries.</subfield></datafield><datafield ind1="0" ind2=" " tag="730"><subfield code="a">Arabic Collections Online.</subfield></datafield><datafield ind1="0" ind2="8" tag="776"><subfield code="i">Print version:</subfield><subfield code="a">Baali, Fuad.</subfield><subfield code="t">Falsafat Ikhwa&#772;n-al-S&#803;afa&#772;&#700; al-ijtima&#772;&#699;i&#772;yah wa-al-akhla&#772;qi&#772;yah</subfield><subfield code="w">(NNC)3071360</subfield><subfield code="w">(OCoLC)47814190</subfield></datafield><datafield ind1="4" ind2="0" tag="856"><subfield code="u">http://hdl.handle.net/2333.1/7m0cg11v</subfield></datafield><datafield ind1=" " ind2=" " tag="959"><subfield code="a">NNU</subfield><subfield code="b">WEB</subfield><subfield code="c">GENI</subfield><subfield code="t">0</subfield><subfield code="m">Electronic access</subfield><subfield code="s">01</subfield></datafield><datafield ind1=" " ind2=" " tag="999"><subfield code="i">NNC_3071360</subfield><subfield code="o">(OCoLC)ocm47814190 </subfield><subfield code="s">columbia_aco000514</subfield><subfield code="e">(ERROR-880)</subfield></datafield></record>